// --------------- Systematic Literature ----------------- 
@article{carvalho2019systematic,
  title={A systematic literature review of machine learning methods applied to predictive maintenance},
  author={Carvalho, Thyago P and Soares, Fabr{\'\i}zzio AAMN and Vita, Roberto and Francisco, Roberto da P and Basto, Jo{\~a}o P and Alcal{\'a}, Symone GS},
  journal={Computers \& Industrial Engineering},
  volume={137},
  pages={106024},
  year={2019},
  publisher={Elsevier}
}
@article{waeyenbergh2002framework,
  title={A framework for maintenance concept development},
  author={Waeyenbergh, Geert and Pintelon, Liliane},
  journal={International journal of production economics},
  volume={77},
  number={3},
  pages={299--313},
  year={2002},
  publisher={Elsevier}
}
@article{faccio2014industrial,
  title={Industrial maintenance policy development: A quantitative framework},
  author={Faccio, Maurizio and Persona, Alessandro and Sgarbossa, Fabio and Zanin, Giorgia},
  journal={International Journal of Production Economics},
  volume={147},
  pages={85--93},
  year={2014},
  publisher={Elsevier}
}
@inproceedings{borgi2017data,
  title={Data analytics for predictive maintenance of industrial robots},
  author={Borgi, Tawfik and Hidri, Adel and Neef, Benjamin and Naceur, Mohamed Saber},
  booktitle={2017 International Conference on Advanced Systems and Electric Technologies (IC\_ASET)},
  pages={412--417},
  year={2017},
  organization={IEEE}
}
@article{susto2012predictive,
  title={A predictive maintenance system for epitaxy processes based on filtering and prediction techniques},
  author={Susto, Gian Antonio and Beghi, Alessandro and De Luca, Cristina},
  journal={IEEE Transactions on Semiconductor Manufacturing},
  volume={25},
  number={4},
  pages={638--649},
  year={2012},
  publisher={IEEE}
}

// Semiconductor manufacturing - maintenance cycle data - stat Method SAFE.
@inproceedings{susto2016dealing,
  title={Dealing with time-series data in predictive maintenance problems},
  author={Susto, Gian Antonio and Beghi, Alessandro},
  booktitle={2016 IEEE 21st International Conference on Emerging Technologies and Factory Automation (ETFA)},
  pages={1--4},
  year={2016},
  organization={IEEE}
}

// Tungsten filament, historical maintenance cycles, SVM.
@inproceedings{susto2013prediction,
  title={Prediction of integral type failures in semiconductor manufacturing through classification methods},
  author={Susto, Gian Antonio and McLoone, Sean and Pagano, Daniele and Schirru, Andrea and Pampuri, Simone and Beghi, Alessandro},
  booktitle={2013 IEEE 18th Conference on Emerging Technologies \& Factory Automation (ETFA)},
  pages={1--4},
  year={2013},
  organization={IEEE}
}
// SVM, rail network, historical detector data, failure data, maintenance action...
@article{li2014improving,
  title={Improving rail network velocity: A machine learning approach to predictive maintenance},
  author={Li, Hongfei and Parikh, Dhaivat and He, Qing and Qian, Buyue and Li, Zhiguo and Fang, Dongping and Hampapur, Arun},
  journal={Transportation Research Part C: Emerging Technologies},
  volume={45},
  pages={17--26},
  year={2014},
  publisher={Elsevier}
}

// CNN, acoustic data, end-to-end system. 
@inproceedings{pan2017cognitive,
  title={Cognitive acoustic analytics service for Internet of Things},
  author={Pan, Zhaotai and Ge, Yi and Zhou, Yu Chen and Huang, Jing Chang and Zheng, Yu Ling and Zhang, Ning and Liang, Xiao Xing and Gao, Peng and Zhang, Guan Qun and Wang, Qingyan and others},
  booktitle={2017 IEEE International Conference on Cognitive Computing (ICCC)},
  pages={96--103},
  year={2017},
  organization={IEEE}
}

// RF for HDD PdM
@article{su2018real,
  title={Real-time big data analytics for hard disk drive predictive maintenance},
  author={Su, Chuan-Jun and Huang, Shi-Feng},
  journal={Computers \& Electrical Engineering},
  volume={71},
  pages={93--101},
  year={2018},
  publisher={Elsevier}
}

// --------------- PDM -----------------
@inproceedings{jezzini2013effects,
  title={Effects of predictive maintenance (PdM), Proactive maintenace (PoM) \& Preventive maintenance (PM) on minimizing the faults in medical instruments},
  author={Jezzini, Ali and Ayache, Mohammad and Elkhansa, Lina and Makki, Bassem and Zein, Maya},
  booktitle={2013 2nd International conference on advances in biomedical engineering},
  pages={53--56},
  year={2013},
  organization={IEEE}
}
@book{mobley2002introduction,
  title={An introduction to predictive maintenance},
  author={Mobley, R Keith},
  year={2002},
  publisher={Elsevier}
}
// --------------- ISIS ----------------- 
@article{thomason2019isis,
  title={The ISIS spallation neutron and muon source—the first thirty-three years},
  author={Thomason, JWG},
  journal={Nuclear Instruments and Methods in Physics Research Section A: Accelerators, Spectrometers, Detectors and Associated Equipment},
  volume={917},
  pages={61--67},
  year={2019},
  publisher={Elsevier}
}
@misc{2021practicalguide,
  month = {4},
	title = {{ISIS A Practical Guide to the ISIS neutron and Muon source}},
	author={{ISIS Neutron and Muon Source}},
	year = {2021},
	url = {https://www.isis.stfc.ac.uk/Pages/News21_PracticalGuide.aspx},
}
// fmoderators and reflectors.
@article{sharma2001nuclear,
  title={Nuclear reactors: Moderator and reflector materials},
  author={Sharma, BP},
  journal={Encyclopedia of Materials: Science and Technology},
  pages={6365--6369},
  year={2001}
}
// Neutron fluxes
@article{stammler1983methods,
  title={Methods of steady-state reactor physics in nuclear design},
  author={Stammler, Rudi JJ and Abbate, M{\'a}ximo Julio},
  year={1983}
}

// ISIS beam operations
@misc{isisbeamoperations2024,
	month = {4},
	title = {{ISIS beam operations}},
	author = {{ISIS Neutron and Muon Source}},
	year = {2024},
	url = {https://www.isis.stfc.ac.uk/Pages/beam-status.aspx},
}
// FLD First-line diagnosis
@misc{fld2017,
	month = {10},
	title = {{First line diagnosis at ISIS}},
	author = {{Asim Yaqoob}},
	year = {2017},
	url = {https://indico.cern.ch/event/558933/contributions/2724364},
}

// Q-factor 
@misc{michael2006electronic,
  title={Electronic circuits: fundamentals and applications},
  author={Michael, HT},
  year={2006},
  publisher={Newnes Press}
}

// Atmospheric presure in space
@article{krupskareview,
  title={Review Role of Pressure in Space},
  author={Krupska, Aldona and Krupski, Marcin},
  year={2017},
  month={6}
}

// Charge exchange injection
@inproceedings{ankenbrandt1980h,
  title={H- Charge Exchange Injection Systems},
  author={Ankenbrandt, C and Curtis, C and Hojvat, C and Johnson, RP and Owen, C and Schmidt, C and Teng, L and Webber, RC},
  booktitle={11th International Conference on High-Energy Accelerators: Geneva, Switzerland, July 7--11, 1980},
  pages={260--271},
  year={1980},
  organization={Springer}
}

// --------------- Sentence Similarity ---------------
@inproceedings{raju2022sentence,
  title={Sentence similarity-a state of art approaches},
  author={Raju, T Nora and Rahana, PA and Moncy, Raichel and Ajay, Sreedarsana and Nambiar, Sindhya K},
  booktitle={2022 International Conference on Computing, Communication, Security and Intelligent Systems (IC3SIS)},
  pages={1--6},
  year={2022},
  organization={IEEE}
}

// Plagiarism detection using sentence sim
@inproceedings{lukashenko2007computer,
  title={Computer-based plagiarism detection methods and tools: an overview},
  author={Lukashenko, Romans and Graudina, Vita and Grundspenkis, Janis},
  booktitle={Proceedings of the 2007 international conference on Computer systems and technologies},
  pages={1--6},
  year={2007}
}
@article{baba2017plagiarism,
  title={Plagiarism detection using document similarity based on distributed representation},
  author={Baba, Kensuke and Nakatoh, Tetsuya and Minami, Toshiro},
  journal={Procedia computer science},
  volume={111},
  pages={382--387},
  year={2017},
  publisher={Elsevier}
}
@article{cao2024recent,
  title={Recent advances in text embedding: A Comprehensive Review of Top-Performing Methods on the MTEB Benchmark},
  author={Cao, Hongliu},
  journal={arXiv preprint arXiv:2406.01607},
  year={2024}
}

// Text summarisation
@article{aliguliyev2009new,
  title={A new sentence similarity measure and sentence based extractive technique for automatic text summarization},
  author={Aliguliyev, Ramiz M},
  journal={Expert Systems with Applications},
  volume={36},
  number={4},
  pages={7764--7772},
  year={2009},
  publisher={Elsevier}
}
@article{kumar2020semantic,
  title={Semantic similarity and text summarization based novelty detection},
  author={Kumar, Sushil and Bhatia, Komal Kumar},
  journal={SN Applied Sciences},
  volume={2},
  number={3},
  pages={332},
  year={2020},
  publisher={Springer}
}
@inproceedings{jo2017k,
  title={K nearest neighbor for text summarization using feature similarity},
  author={Jo, Taeho},
  booktitle={2017 International Conference on Communication, Control, Computing and Electronics Engineering (ICCCCEE)},
  pages={1--5},
  year={2017},
  organization={IEEE}
}
@article{yu2016string,
  title={String similarity search and join: a survey},
  author={Yu, Minghe and Li, Guoliang and Deng, Dong and Feng, Jianhua},
  journal={Frontiers of Computer Science},
  volume={10},
  pages={399--417},
  year={2016},
  publisher={Springer}
}
@inproceedings{budanitsky2001semantic,
  title={Semantic distance in WordNet: An experimental, application-oriented evaluation of five measures},
  author={Budanitsky, Alexander and Hirst, Graeme},
  booktitle={Workshop on WordNet and other lexical resources},
  volume={2},
  pages={2--2},
  year={2001}
}
// Word2Vec
@article{mikolov2013efficient, 
  title={Efficient estimation of word representations in vector space},
  author={Mikolov, Tomas and Chen, Kai and Corrado, Greg and Dean, Jeffrey},
  journal={arXiv preprint arXiv:1301.3781},
  year={2013}
}
// GloVe
@inproceedings{pennington2014glove,
  title={Glove: Global vectors for word representation},
  author={Pennington, Jeffrey and Socher, Richard and Manning, Christopher D},
  booktitle={Proceedings of the 2014 conference on empirical methods in natural language processing (EMNLP)},
  pages={1532--1543},
  year={2014}
}
// fastText
@article{bojanowski2017enriching,
  title={Enriching word vectors with subword information},
  author={Bojanowski, Piotr and Grave, Edouard and Joulin, Armand and Mikolov, Tomas},
  journal={Transactions of the association for computational linguistics},
  volume={5},
  pages={135--146},
  year={2017},
  publisher={MIT Press One Rogers Street, Cambridge, MA 02142-1209, USA journals-info~…}
}
// latent semantic analysis
@article{landauer1998introduction,
  title={An introduction to latent semantic analysis},
  author={Landauer, Thomas K and Foltz, Peter W and Laham, Darrell},
  journal={Discourse processes},
  volume={25},
  number={2-3},
  pages={259--284},
  year={1998},
  publisher={Taylor \& Francis}
}
// singular value decomposition
@inproceedings{steinberger2005text,
  title={Text summarization and singular value decomposition},
  author={Steinberger, Josef and Je{\v{z}}ek, Karel},
  booktitle={Advances in Information Systems: Third International Conference, ADVIS 2004, Izmir, Turkey, October 20-22, 2004. Proceedings 3},
  pages={245--254},
  year={2005},
  organization={Springer}
}
// Transformer
@article{vaswani2017attention,
  title={Attention is all you need},
  author={Vaswani, Ashish and Shazeer, Noam and Parmar, Niki and Uszkoreit, Jakob and Jones, Llion and Gomez, Aidan N and Kaiser, {\L}ukasz and Polosukhin, Illia},
  journal={Advances in neural information processing systems},
  volume={30},
  year={2017}
}

// ELMo
@article{sarzynska2021detecting,
  title={Detecting formal thought disorder by deep contextualized word representations},
  author={Sarzynska-Wawer, Justyna and Wawer, Aleksander and Pawlak, Aleksandra and Szymanowska, Julia and Stefaniak, Izabela and Jarkiewicz, Michal and Okruszek, Lukasz},
  journal={Psychiatry Research},
  volume={304},
  pages={114135},
  year={2021},
  publisher={Elsevier}
}

// GPT
@article{radford2018improving,
  title={Improving language understanding by generative pre-training},
  author={Radford, Alec and Narasimhan, Karthik and Salimans, Tim and Sutskever, Ilya and others},
  year={2018},
  publisher={San Francisco, CA, USA}
}

// BERT
@inproceedings{devlin2019bert,
  title={Bert: Pre-training of deep bidirectional transformers for language understanding},
  author={Devlin, Jacob and Chang, Ming-Wei and Lee, Kenton and Toutanova, Kristina},
  booktitle={Proceedings of the 2019 conference of the North American chapter of the association for computational linguistics: human language technologies, volume 1 (long and short papers)},
  pages={4171--4186},
  year={2019}
}
// XLNet
@article{yang2019xlnet,
  title={Xlnet: Generalized autoregressive pretraining for language understanding},
  author={Yang, Zhilin and Dai, Zihang and Yang, Yiming and Carbonell, Jaime and Salakhutdinov, Russ R and Le, Quoc V},
  journal={Advances in neural information processing systems},
  volume={32},
  year={2019}
}
// MPNet
@article{song2020mpnet,
  title={Mpnet: Masked and permuted pre-training for language understanding},
  author={Song, Kaitao and Tan, Xu and Qin, Tao and Lu, Jianfeng and Liu, Tie-Yan},
  journal={Advances in neural information processing systems},
  volume={33},
  pages={16857--16867},
  year={2020}
}

// State-of-the-art text embedding models
@article{lee2024gecko,
  title={Gecko: Versatile text embeddings distilled from large language models},
  author={Lee, Jinhyuk and Dai, Zhuyun and Ren, Xiaoqi and Chen, Blair and Cer, Daniel and Cole, Jeremy R and Hui, Kai and Boratko, Michael and Kapadia, Rajvi and Ding, Wen and others},
  journal={arXiv preprint arXiv:2403.20327},
  year={2024}
}

@article{wang2024multilingual,
  title={Multilingual e5 text embeddings: A technical report},
  author={Wang, Liang and Yang, Nan and Huang, Xiaolong and Yang, Linjun and Majumder, Rangan and Wei, Furu},
  journal={arXiv preprint arXiv:2402.05672},
  year={2024}
}
@article{nussbaum2024nomic,
  title={Nomic embed: Training a reproducible long context text embedder},
  author={Nussbaum, Zach and Morris, John X and Duderstadt, Brandon and Mulyar, Andriy},
  journal={arXiv preprint arXiv:2402.01613},
  year={2024}
}

// PdM + text embedding
@article{nota2022text,
  title={Text mining techniques for the management of predictive maintenance},
  author={Nota, Giancarlo and Postiglione, Alberto and Carvello, Rosario},
  journal={Procedia Computer Science},
  volume={200},
  pages={778--792},
  year={2022},
  publisher={Elsevier}
}
@article{usuga2022using,
  title={Using deep learning to value free-form text data for predictive maintenance},
  author={Usuga-Cadavid, Juan Pablo and Lamouri, Samir and Grabot, Bernard and Fortin, Arnaud},
  journal={International Journal of Production Research},
  volume={60},
  number={14},
  pages={4548--4575},
  year={2022},
  publisher={Taylor \& Francis}
}
@inproceedings{abijith2023large,
  title={Large language models trained on equipment maintenance text},
  author={Abijith, PY and Patidar, Piyush and Nair, Gaurav and Pandya, Rohan},
  booktitle={Abu Dhabi International Petroleum Exhibition and Conference},
  pages={D021S065R003},
  year={2023},
  organization={SPE}
}

// Dimensionality Reduction
// UMAP
@article{mcinnes2018umap,
  title={Umap: Uniform manifold approximation and projection for dimension reduction},
  author={McInnes, Leland and Healy, John and Melville, James},
  journal={arXiv preprint arXiv:1802.03426},
  year={2018}
}
// PCA
// earliest papers
@article{pearson1901liii,
  title={LIII. On lines and planes of closest fit to systems of points in space},
  author={Pearson, Karl},
  journal={The London, Edinburgh, and Dublin philosophical magazine and journal of science},
  volume={2},
  number={11},
  pages={559--572},
  year={1901},
  publisher={Taylor \& Francis}
}
@article{hotelling1933analysis,
  title={Analysis of a complex of statistical variables into principal components.},
  author={Hotelling, Harold},
  journal={Journal of educational psychology},
  volume={24},
  number={6},
  pages={417},
  year={1933},
  publisher={Warwick \& York}
}
// Paper describing the earliest paper
@article{jolliffe2016principal,
  title={Principal component analysis: a review and recent developments},
  author={Jolliffe, Ian T and Cadima, Jorge},
  journal={Philosophical transactions of the royal society A: Mathematical, Physical and Engineering Sciences},
  volume={374},
  number={2065},
  pages={20150202},
  year={2016},
  publisher={the Royal Society publishing}
}

// Clustering methods
// k-medoids
// DBSCAN
@inproceedings{ester1996density,
  title={A density-based algorithm for discovering clusters in large spatial databases with noise},
  author={Ester, Martin and Kriegel, Hans-Peter and Sander, J{\"o}rg and Xu, Xiaowei and others},
  booktitle={kdd},
  volume={96},
  number={34},
  pages={226--231},
  year={1996}
}
// HDBSCAN
@inproceedings{campello2013density,
  title={Density-based clustering based on hierarchical density estimates},
  author={Campello, Ricardo JGB and Moulavi, Davoud and Sander, J{\"o}rg},
  booktitle={Pacific-Asia conference on knowledge discovery and data mining},
  pages={160--172},
  year={2013},
  organization={Springer}
}

// Clustering metrics

// Silhouette
@article{rousseeuw1987silhouettes,
  title={Silhouettes: a graphical aid to the interpretation and validation of cluster analysis},
  author={Rousseeuw, Peter J},
  journal={Journal of computational and applied mathematics},
  volume={20},
  pages={53--65},
  year={1987},
  publisher={Elsevier}
}
// Davies-Bouldin
@article{davies1979cluster,
  title={A cluster separation measure},
  author={Davies, David L and Bouldin, Donald W},
  journal={IEEE transactions on pattern analysis and machine intelligence},
  number={2},
  pages={224--227},
  year={1979},
  publisher={Ieee}
}
// Calinsiki-Harabasz
@article{calinski1974dendrite,
  title={A dendrite method for cluster analysis},
  author={Cali{\'n}ski, Tadeusz and Harabasz, Jerzy},
  journal={Communications in Statistics-theory and Methods},
  volume={3},
  number={1},
  pages={1--27},
  year={1974},
  publisher={Taylor \& Francis}
}


// NLP 
// Preprocessing
@article{tabassum2020survey,
  title={A survey on text pre-processing \& feature extraction techniques in natural language processing},
  author={Tabassum, Ayisha and Patil, Rajendra R},
  journal={International Research Journal of Engineering and Technology (IRJET)},
  volume={7},
  number={06},
  pages={4864--4867},
  year={2020}
}

// Feature extraction
@inproceedings{sammons2016edison,
  title={Edison: Feature extraction for nlp, simplified},
  author={Sammons, Mark and Christodoulopoulos, Christos and Kordjamshidi, Parisa and Khashabi, Daniel and Srikumar, Vivek and Roth, Dan},
  booktitle={Proceedings of the Tenth International Conference on Language Resources and Evaluation (LREC'16)},
  pages={4085--4092},
  year={2016}
}
// Feature extraction vs. DL
@article{liang2017text,
  title={Text feature extraction based on deep learning: a review},
  author={Liang, Hong and Sun, Xiao and Sun, Yunlei and Gao, Yuan},
  journal={EURASIP journal on wireless communications and networking},
  volume={2017},
  pages={1--12},
  year={2017},
  publisher={Springer}
}

// Pre-trained Language Models (PLM) success
@article{min2023recent,
  title={Recent advances in natural language processing via large pre-trained language models: A survey},
  author={Min, Bonan and Ross, Hayley and Sulem, Elior and Veyseh, Amir Pouran Ben and Nguyen, Thien Huu and Sainz, Oscar and Agirre, Eneko and Heintz, Ilana and Roth, Dan},
  journal={ACM Computing Surveys},
  volume={56},
  number={2},
  pages={1--40},
  year={2023},
  publisher={ACM New York, NY}
}
@article{edunov2019pre,
  title={Pre-trained language model representations for language generation},
  author={Edunov, Sergey and Baevski, Alexei and Auli, Michael},
  journal={arXiv preprint arXiv:1903.09722},
  year={2019}
}

// Huggingface transformers library 
@article{wolf2019huggingface,
  title={Huggingface's transformers: State-of-the-art natural language processing},
  author={Wolf, Thomas and Debut, Lysandre and Sanh, Victor and Chaumond, Julien and Delangue, Clement and Moi, Anthony and Cistac, Pierric and Rault, Tim and Louf, R{\'e}mi and Funtowicz, Morgan and others},
  journal={arXiv preprint arXiv:1910.03771},
  year={2019}
}

// Cloze task, BERT, MLM, Masked Language Model
@article{taylor1953cloze,
  title={“Cloze procedure”: A new tool for measuring readability},
  author={Taylor, Wilson L},
  journal={Journalism quarterly},
  volume={30},
  number={4},
  pages={415--433},
  year={1953},
  publisher={SAGE Publications Sage CA: Los Angeles, CA}
}

// Cross entropy loss
@article{zhang2018generalized,
  title={Generalized cross entropy loss for training deep neural networks with noisy labels},
  author={Zhang, Zhilu and Sabuncu, Mert},
  journal={Advances in neural information processing systems},
  volume={31},
  year={2018}
}
